@article{he2023transmission,
  title={Transmission dynamics informed neural network with application to COVID-19 infections},
  author={He, Mengqi and Tang, Biao and Xiao, Yanni and Tang, Sanyi},
  journal={Computers in Biology and Medicine},
  volume={165},
  pages={107431},
  year={2023},
  publisher={Elsevier}
}